<?xml version="1.0" encoding="utf-8"?>
<record xmlns="http://www.loc.gov/MARC21/slim" xmlns:xsi="http://www.w3.org/2001/XMLSchema-instance" xsi:schemaLocation="http://www.loc.gov/MARC21/slim http://www.loc.gov/standards/marcxml/schema/MARC21slim.xsd">
	<leader>     nam a22     Mi 4500</leader>
	<controlfield tag="001">316518</controlfield>
	<controlfield tag="003">NjP</controlfield>
	<controlfield tag="006">m        d        </controlfield>
	<controlfield tag="007">cr cn |||m|||a</controlfield>
	<controlfield tag="008">201130s1937    mr a    o     000 0 ara d</controlfield>
	<datafield ind1="7" ind2=" " tag="024">
		<subfield code="a">princeton_aco004689</subfield>
		<subfield code="2">local</subfield>
	</datafield>
	<datafield ind1=" " ind2=" " tag="040">
		<subfield code="a">ZYU</subfield>
		<subfield code="b">ara</subfield>
		<subfield code="c">ZYU</subfield>
	</datafield>
	<datafield ind1="1" ind2=" " tag="100">
		<subfield code="6">880-01</subfield>
		<subfield code="a">Osman, Mohamed.</subfield>
	</datafield>
	<datafield ind1="1" ind2="3" tag="245">
		<subfield code="6">880-02</subfield>
		<subfield code="a">al-Jāmiʻah al-Yūsufīyah bi-Marrākush fī tisʻmiʼat sanah</subfield>
		<subfield code="h">[electronic resource] :</subfield>
		<subfield code="b">allafahu ka-tārīkh li-nashʼat al-dirāsah fī al-Kullīyah al-Yūsufīyah mundhu ʻahdihā al-taʼsīsī wa-abrazahu ka-dhikrá tārīkhīyah li-taʼsīs ramz al-fakhāmah Marrākush al-Ḥamrāʼ /</subfield>
		<subfield code="c">bi-qalam Muḥammad ʻUthmān al-Marrākushī.</subfield>
	</datafield>
	<datafield ind1=" " ind2=" " tag="260">
		<subfield code="6">880-03</subfield>
		<subfield code="a">al-Ribāṭ :</subfield>
		<subfield code="b">al-Maṭbaʻah al-Istiṣādīyah,</subfield>
		<subfield code="c">1937.</subfield>
	</datafield>
	<datafield ind1=" " ind2=" " tag="300">
		<subfield code="a">online resource (285 p.) :</subfield>
		<subfield code="b">ill.</subfield>
	</datafield>
	<datafield ind1=" " ind2=" " tag="500">
		<subfield code="6">880-04</subfield>
		<subfield code="a">Cover title: al-Awwal min al-Jāmiʻah al-Yūsufīyah bi-Marrākush fī tusʻumiʼat sanah.</subfield>
	</datafield>
	<datafield ind1=" " ind2=" " tag="500">
		<subfield code="a">Title on added t.p.: L'histoire de l'Université el-Youssoufia de Marrakech.</subfield>
	</datafield>
	<datafield ind1=" " ind2=" " tag="500">
		<subfield code="a">Part of the Arabic Collections Online (ACO) project, contributed by Princeton University Libraries.</subfield>
	</datafield>
	<datafield ind1=" " ind2=" " tag="533">
		<subfield code="a">Electronic reproduction.</subfield>
		<subfield code="b">New York, N.Y. :</subfield>
		<subfield code="c">New York University,</subfield>
		<subfield code="d">2020.</subfield>
		<subfield code="5">NNU</subfield>
	</datafield>
	<datafield ind1="2" ind2="0" tag="610">
		<subfield code="6">880-05</subfield>
		<subfield code="a">Jāmiʻah al-Yūsufīyah (Marrakech, Morocco)</subfield>
		<subfield code="0">http://id.loc.gov/authorities/names/no2004019330</subfield>
	</datafield>
	<datafield ind1="2" ind2=" " tag="710">
		<subfield code="a">Princeton University.</subfield>
		<subfield code="b">Library.</subfield>
	</datafield>
	<datafield ind1="0" ind2=" " tag="730">
		<subfield code="a">Arabic Collections Online.</subfield>
	</datafield>
	<datafield ind1="0" ind2=" " tag="740">
		<subfield code="a">Histoire de l'Université el Youssoufia de Marrakech.</subfield>
	</datafield>
	<datafield ind1="0" ind2=" " tag="740">
		<subfield code="6">880-06</subfield>
		<subfield code="a">Awwal min al-Jāmiʻah al-Yūsufīyah bi-Marrākush.</subfield>
	</datafield>
	<datafield ind1="0" ind2="8" tag="776">
		<subfield code="i">Print version:</subfield>
		<subfield code="a">Osman, Mohamed.</subfield>
		<subfield code="t">al-Jāmiʻah al-Yūsufīyah bi-Marrākush fī tisʻmiʼat sanah</subfield>
		<subfield code="w">(NjP)316518</subfield>
	</datafield>
	<datafield ind1="4" ind2="0" tag="856">
		<subfield code="u">http://hdl.handle.net/2333.1/f7m0cs0f</subfield>
	</datafield>
	<datafield ind1="1" ind2=" " tag="880">
		<subfield code="6">100-01</subfield>
		<subfield code="a">سمن، مهمد.</subfield>
	</datafield>
	<datafield ind1="1" ind2="2" tag="880">
		<subfield code="6">245-02</subfield>
		<subfield code="a">الجامعة اليوسفية بمراكش في تسعمائة سنة :</subfield>
		<subfield code="b">الفه كتاريخ لنشأت الدراسة في الكلية اليوسفية منذ عهدها التأسيسي وابرزه كذكرى تاريخية لتأسيس رمز الفخامة مراكش الحمراء /</subfield>
		<subfield code="c">بقلم محمد عثمان المراكشي.</subfield>
	</datafield>
	<datafield ind1=" " ind2=" " tag="880">
		<subfield code="6">260-03</subfield>
		<subfield code="a">الرباط :</subfield>
		<subfield code="b">المطبعة الاستصادية،</subfield>
		<subfield code="c">1937.</subfield>
	</datafield>
	<datafield ind1=" " ind2=" " tag="880">
		<subfield code="6">500-04</subfield>
		<subfield code="a">Cover title: الاول من الجامعة اليوسفية بمراكش في تسعمائة سنة.</subfield>
	</datafield>
	<datafield ind1="2" ind2="0" tag="880">
		<subfield code="6">610-05</subfield>
		<subfield code="a">جامعة اليوسفية (مركخ، مرغب)</subfield>
	</datafield>
	<datafield ind1="0" ind2=" " tag="880">
		<subfield code="6">740-06</subfield>
		<subfield code="a">اول من الجامعة اليوسفية بمراكش.</subfield>
	</datafield>
	<datafield ind1=" " ind2=" " tag="911">
		<subfield code="a">19930408</subfield>
	</datafield>
	<datafield ind1=" " ind2=" " tag="912">
		<subfield code="a">19930402000000.0</subfield>
	</datafield>
	<datafield ind1=" " ind2=" " tag="959">
		<subfield code="a">NNU</subfield>
		<subfield code="b">WEB</subfield>
		<subfield code="c">GENI</subfield>
		<subfield code="t">0</subfield>
		<subfield code="m">Electronic access</subfield>
		<subfield code="s">01</subfield>
	</datafield>
	<datafield ind1=" " ind2=" " tag="999">
		<subfield code="a">316518</subfield>
		<subfield code="s">princeton_aco004689:</subfield>
	</datafield>
	<datafield ind1=" " ind2=" " tag="979">
		<subfield code="a">(OCoLC)ocn175689626</subfield>
	</datafield>
	<datafield ind1=" " ind2=" " tag="959">
		<subfield code="a">2000-06-13 00:00:00 -0500</subfield>
	</datafield>
</record>
